<record><leader>00000cas a2200000 a 4500</leader><controlfield tag="001">52522259</controlfield><controlfield tag="008">030630d19uu1965caudn ne      0    0eng c</controlfield><datafield ind1=" " ind2=" " tag="010"><subfield code="a">sn2003061141</subfield></datafield><datafield ind1=" " ind2=" " tag="040"><subfield code="a">CNK</subfield><subfield code="b">eng</subfield><subfield code="c">CNK</subfield><subfield code="d">CNK</subfield><subfield code="d">OCLCQ</subfield><subfield code="d">OCLCF</subfield><subfield code="d">OCLCO</subfield></datafield><datafield ind1="1" ind2=" " tag="029"><subfield code="a">AU@</subfield><subfield code="b">000024759284</subfield></datafield><datafield ind1=" " ind2=" " tag="042"><subfield code="a">pcc</subfield></datafield><datafield ind1=" " ind2=" " tag="043"><subfield code="a">n-us-ca</subfield></datafield><datafield ind1="0" ind2="0" tag="245"><subfield code="a">Simi chronicle.</subfield></datafield><datafield ind1="1" ind2="3" tag="246"><subfield code="a">Chronicle and Simi chronicle</subfield></datafield><datafield ind1=" " ind2=" " tag="260"><subfield code="a">Thousand Oaks, Calif. :</subfield><subfield code="b">Conejo Newspapers, Inc.</subfield></datafield><datafield ind1=" " ind2=" " tag="300"><subfield code="a">v.</subfield></datafield><datafield ind1=" " ind2=" " tag="310"><subfield code="a">Daily (except Mon. and Sat.)</subfield></datafield><datafield ind1="1" ind2=" " tag="362"><subfield code="a">Ceased Oct. 1965.</subfield></datafield><datafield ind1=" " ind2=" " tag="500"><subfield code="a">"Simi's first daily newspaper."</subfield></datafield><datafield ind1=" " ind2=" " tag="500"><subfield code="a">"Simi, Santa Susana, Moorpark" occasionally appears to left of "Chronicle," &lt;Jan. 3-Oct. 21, 1965&gt;</subfield></datafield><datafield ind1=" " ind2=" " tag="530"><subfield code="a">Master negatives are available for duplication from:</subfield><subfield code="b">California Newspaper Microfilm Archive;</subfield><subfield code="c">positive copies may be purchased by the reel; for further information consult the CNMA at:</subfield><subfield code="u">http://cbsr.ucr.edu</subfield></datafield><datafield ind1=" " ind2=" " tag="588"><subfield code="a">Description based on: Vol. 6, no. 1 (Jan. 3, 1965).</subfield></datafield><datafield ind1=" " ind2="0" tag="651"><subfield code="a">Simi Valley (Calif.)</subfield><subfield code="v">Newspapers.</subfield></datafield><datafield ind1=" " ind2="7" tag="655"><subfield code="a">Newspapers.</subfield><subfield code="2">fast</subfield><subfield code="0">(OCoLC)fst01423814</subfield></datafield><datafield ind1=" " ind2="7" tag="651"><subfield code="a">California</subfield><subfield code="z">Simi Valley.</subfield><subfield code="2">fast</subfield><subfield code="0">(OCoLC)fst01214312</subfield></datafield><datafield ind1=" " ind2=" " tag="752"><subfield code="a">United States</subfield><subfield code="b">California</subfield><subfield code="c">Ventura</subfield><subfield code="d">Thousand Oaks.</subfield></datafield><datafield ind1="0" ind2=" " tag="775"><subfield code="t">Chronicle (Thousand Oaks, Calif.)</subfield><subfield code="w">(DLC)sn2003061140</subfield></datafield></record>